@book{adams1995hitchhiker,
  title={The Hitchhiker's Guide to the Galaxy},
  author={Adams, D.},
  isbn={9781417642595},
  url={http://books.google.com/books?id=W-xMPgAACAAJ},
  year={1995},
  publisher={San Val}
}

@book{Bilbao2009,
  title={Numerical Sound Synthesis},
  author={Bilbao, Stefan.},
  isbn={9780470510469},
  year={2009},
  publisher={John Wiley \& Sons}
}

@article{BilbaoTutorial2018,
author = {Bilbao, Stefan and Hamilton, Brian and Harrison, Reginald L., and Torin, Alberto},
isbn = {1742-7150},
journal = {Springer handbook of systematic musicology},
title = {Finite-difference schemes in musical acoustics: A tutorial.},
year = {2018}
}